<record><leader>00000cas a2200000 a 4500</leader><controlfield tag="001">22441454</controlfield><controlfield tag="008">900927d19901999ncudr n       0   a0eng c</controlfield><datafield ind1=" " ind2=" " tag="010"><subfield code="a">sn 90003861 </subfield></datafield><datafield ind1=" " ind2=" " tag="040"><subfield code="a">NSD</subfield><subfield code="b">eng</subfield><subfield code="c">NSD</subfield><subfield code="d">NVJ</subfield><subfield code="d">DLC</subfield><subfield code="d">OCLCQ</subfield><subfield code="d">DLC</subfield><subfield code="d">CUS</subfield><subfield code="d">OCLCQ</subfield><subfield code="d">OCLCF</subfield></datafield><datafield ind1=" " ind2=" " tag="012"><subfield code="m">d</subfield></datafield><datafield ind1="0" ind2=" " tag="022"><subfield code="a">1052-9829</subfield><subfield code="l">1052-9829</subfield><subfield code="2">1</subfield></datafield><datafield ind1="1" ind2=" " tag="029"><subfield code="a">AU@</subfield><subfield code="b">000020609617</subfield></datafield><datafield ind1=" " ind2=" " tag="042"><subfield code="a">nsdp</subfield><subfield code="a">pcc</subfield></datafield><datafield ind1=" " ind2=" " tag="043"><subfield code="a">n-us-nc</subfield></datafield><datafield ind1="0" ind2="0" tag="050"><subfield code="a">Newspaper</subfield></datafield><datafield ind1="1" ind2="0" tag="082"><subfield code="a">071</subfield><subfield code="2">11</subfield></datafield><datafield ind1="0" ind2=" " tag="210"><subfield code="a">Fayettev. obs.-times</subfield></datafield><datafield ind1=" " ind2="4" tag="222"><subfield code="a">The Fayetteville observer-times</subfield></datafield><datafield ind1="0" ind2="4" tag="245"><subfield code="a">The Fayetteville observer-times.</subfield></datafield><datafield ind1=" " ind2=" " tag="260"><subfield code="a">Fayetteville, N.C. :</subfield><subfield code="b">Fayetteville Pub. Co.,</subfield><subfield code="c">1990-1999.</subfield></datafield><datafield ind1=" " ind2=" " tag="300"><subfield code="a">v.</subfield></datafield><datafield ind1=" " ind2=" " tag="310"><subfield code="a">Daily</subfield></datafield><datafield ind1="0" ind2=" " tag="362"><subfield code="a">Vol. 175, no. 241 (Sept. 1, 1990)-v. 184, no. 54 (Nov. 13, 1999).</subfield></datafield><datafield ind1=" " ind2=" " tag="530"><subfield code="a">Available on microfilm from University Microfilms International.</subfield></datafield><datafield ind1=" " ind2=" " tag="580"><subfield code="a">Merger of: Fayetteville times, and: Fayetteville observer (Fayetteville, N.C. : 1896).</subfield></datafield><datafield ind1=" " ind2="0" tag="651"><subfield code="a">Fayetteville (N.C.)</subfield><subfield code="v">Newspapers.</subfield></datafield><datafield ind1=" " ind2="7" tag="655"><subfield code="a">Newspapers.</subfield><subfield code="2">fast</subfield><subfield code="0">(OCoLC)fst01423814</subfield></datafield><datafield ind1=" " ind2="7" tag="651"><subfield code="a">North Carolina</subfield><subfield code="z">Fayetteville.</subfield><subfield code="2">fast</subfield><subfield code="0">(OCoLC)fst01204294</subfield></datafield><datafield ind1=" " ind2=" " tag="752"><subfield code="a">United States</subfield><subfield code="b">North Carolina</subfield><subfield code="c">Cumberland</subfield><subfield code="d">Fayetteville.</subfield></datafield><datafield ind1="0" ind2="8" tag="776"><subfield code="i">Online version:</subfield><subfield code="t">Fayetteville observer-times (Online)</subfield><subfield code="w">(OCoLC)49632674</subfield></datafield><datafield ind1="1" ind2="4" tag="780"><subfield code="t">Fayetteville times</subfield><subfield code="w">(DLC)sn 92074072</subfield><subfield code="w">(OCoLC)13197457</subfield></datafield><datafield ind1="1" ind2="4" tag="780"><subfield code="t">Fayetteville observer (Fayetteville, N.C. : 1920)</subfield><subfield code="w">(DLC)sn 84020773</subfield><subfield code="w">(OCoLC)11522397</subfield></datafield><datafield ind1="0" ind2="0" tag="785"><subfield code="t">Fayetteville observer (Fayetteville, N.C. : 1999)</subfield><subfield code="w">(DLC)sn 00059022</subfield><subfield code="w">(OCoLC)45115389</subfield></datafield></record>